@BOOK{GIL,
author={Antonio GIL},
title={Como Elaborar Projetos de Pesquisa},
publisher={Atlas},
year={2002},
volume={4}
}

@BOOK{russel,
author={Stuart RUSSEL, Peter NORVIG},
title={Artificial Intelligence},
publisher={Elsevier},
year={2013},
volume={3}
}

@inproceedings{mcmahan2017communication,
  title={Communication-efficient learning of deep networks from decentralized data},
  author={McMahan, Brendan and Moore, Eider and Ramage, Daniel and Hampson, Seth and y Arcas, Blaise Aguera},
  booktitle={Artificial intelligence and statistics},
  pages={1273--1282},
  year={2017},
  organization={PMLR}
}

@article{CASSINO,
  title={Direitos Humanos, intelig{\^e}ncia artificial e privacidade},
  author={Cassino, Jo{\~a}o Francisco and da Silva Avelino, Rodolfo and da Silveira, S{\'e}rgio Amadeu},
  journal={Mon{\c{c}}{\~o}es: Revista de Rela{\c{c}}{\~o}es Internacionais da UFGD},
  volume={8},
  number={15},
  pages={573--596},
  year={2019}
}

@article{RIBEIRO,
  title={A viola{\c{c}}{\~a}o {\`a} Privacidade de Dados Pessoais Sens{\'\i}veis como consequ{\^e}ncia da vulnerabilidade de dispositivos dotados de intelig{\^e}ncia artificial para uso em casas inteligentes},
  author={Ribeiro, Rafaela},
  year={2022}
}

@article{NETO,
  title={Privacidade do usu{\'a}rio em aprendizado colaborativo: Federated learning, da teoria {\`a} pr{\'a}tica},
  author={Neto, Helio NC and Mattos, Diogo MF and Fernandes, Natalia C},
  journal={Sociedade Brasileira de Computa{\c{c}}{\~a}o},
  year={2020}
}

@article{LI,
  title={A survey on federated learning systems: Vision, hype and reality for data privacy and protection},
  author={Li, Qinbin and Wen, Zeyi and Wu, Zhaomin and Hu, Sixu and Wang, Naibo and Li, Yuan and Liu, Xu and He, Bingsheng},
  journal={IEEE Transactions on Knowledge and Data Engineering},
  year={2021},
  publisher={IEEE}
}

@article{li2020preserving,
  title={Preserving data privacy via federated learning: Challenges and solutions},
  author={Li, Zengpeng and Sharma, Vishal and Mohanty, Saraju P},
  journal={IEEE Consumer Electronics Magazine},
  year={2020},
  publisher={IEEE}
}

@article{LI3,
  title={Federated learning: Challenges, methods, and future directions},
  author={Li, Tian and Sahu, Anit Kumar and Talwalkar, Ameet and Smith, Virginia},
  journal={IEEE signal processing magazine},
  volume={37},
  number={3},
  pages={50--60},
  year={2020},
  publisher={IEEE}
}

@article{qayyum2022collaborative,
  title={Collaborative federated learning for healthcare: Multi-modal covid-19 diagnosis at the edge},
  author={Qayyum, Adnan and Ahmad, Kashif and Ahsan, Muhammad Ahtazaz and Al-Fuqaha, Ala and Qadir, Junaid},
  journal={IEEE Open Journal of the Computer Society},
  volume={3},
  pages={172--184},
  year={2022},
  publisher={IEEE}
}

@article{bbc2018strava,
  title={Strava fitness app 'reveals military bases'},
  author={BBC},
  year={2018},
  url={https://www.bbc.com/news/technology-42853072}
}

@article{bloomberg2019amazon,
  title={Amazon Workers Are Listening to What You Tell Alexa},
  author={Bloomberg},
  year={2019},
  url={https://www.bloomberg.com/news/articles/2019-04-10/is-anyone-listening-to-you-on-alexa-a-global-team-reviews-audio}
}

@article{guardian2018cambridge,
  title={The Cambridge Analytica Files},
  author={The Guardian},
  year={2018},
  url={https://www.theguardian.com/news/series/cambridge-analytica-files}
}

@article{capitalone2019databreach,
  title={Capital One Data Breach},
  author={Capital One},
  year={2019},
  url={https://www.capitalone.com/facts2019/}
}

@article{GDPR,
  title={Diretiva de Proteção de Dados Pessoais da União Europeia},
  author={European Union},
  year={2016},
  url={https://commission.europa.eu/law/law-topic/data-protection/data-protection-eu_pt}
}

@article{dwork2006calibrating,
  title={Calibrating Noise to Sensitivity in Private Data Analysis},
  author={Dwork, Cynthia and Kenthapadi, Krishnaram and McSherry, Frank and Mironov, Ilia and Naor, Moni},
  year={2006},
  journal={Journal of Privacy and Confidentiality},
  volume={7},
  number={3},
  pages={3--14}
}

@article{shokri2015privacy,
  title={Privacy-preserving deep learning},
  author={Shokri, Reza and Shmatikov, Vitaly},
  year={2015},
  journal={arXiv preprint arXiv:1412.6074}
}

@inproceedings{hitaj2017deep,
  title={Deep Models Under the GAN: Information Leakage from Collaborative Deep Learning},
  author={Hitaj},
  booktitle={Proceedings of the 2017 ACM SIGSAC Conference on Computer and Communications Security},
  pages={603--618},
  year={2017},
  organization={ACM}
}

@article{samuel1959,
  title={Some Studies in Machine Learning Using the Game of Checkers},
  author={Samuel, Arthur L.},
  journal={IBM Journal of Research and Development},
  volume={3},
  number={3},
  pages={210--229},
  year={1959}
}

@article{hinton2012deep,
  title={Deep Neural Networks for Acoustic Modeling in Speech Recognition: The Shared Views of Four Research Groups},
  author={Hinton, Geoffrey E. and Deng, Li and Yu, Dong and Dahl, George E. and Mohamed, Abdel-rahman and Jaitly, Navdeep and ... and Kingsbury, Brian},
  journal={IEEE Signal Processing Magazine},
  volume={29},
  number={6},
  pages={82--97},
  year={2012}
}

@book{goodfellow2016deep,
  title={Deep Learning},
  author={Goodfellow},
  publisher={MIT Press},
  year={2016}
}

@article{floridi2018ai,
  title={A Unified Framework of Five Principles for AI in Society},
  author={Floridi, Luciano and Cowls, Josh},
  journal={Harvard Data Science Review},
  volume={1},
  number={1},
  year={2018}
}

@book{bishop2006pattern,
  title={Pattern Recognition and Machine Learning},
  author={Bishop, Christopher M.},
  year={2006},
  publisher={Springer}
}

@book{russell2016artificial,
  title={Artificial Intelligence: A Modern Approach},
  author={Russell, Stuart and Norvig, Peter},
  year={2016},
  publisher={Pearson}
}

@article{goh2017deep,
  title={Why Do Deep Learning Networks Scale?},
  author={Goh, Gabriel},
  year={2017},
  journal={arXiv preprint arXiv:1710.06168}
}

@inproceedings{fredrikson2014privacy,
  title={Model Inversion Attacks That Exploit Confidence Information and Basic Countermeasures},
  author={Fredrikson, Matt and Jha, Somesh and Ristenpart, Thomas},
  booktitle={Proceedings of the 22nd ACM SIGSAC Conference on Computer and Communications Security},
  year={2014}
}

@article{yang2019federated,
  title={Federated Machine Learning: Concept and Applications},
  author={Yang, Qiang and Liu, Yang and Chen, Tianjian and Tong, Yu and Zhao, Haibo and Wei, Wei},
  year={2019},
  journal={ACM Transactions on Intelligent Systems and Technology (TIST)},
  volume={10},
  number={2},
  pages={1--19}
}

@article{geyer2017differentially,
  title={Differentially Private Federated Learning: A Client Level Perspective},
  author={Geyer, Robin C and Klein, Thomas and Nabi, Moin and Penney, Daniel and Venkatasubramanian, Suresh},
  year={2017},
  journal={arXiv preprint arXiv:1712.07557}
}

@inproceedings{sutskever2013importance,
  title={On the importance of initialization and momentum in deep learning},
  author={Sutskever, Ilya and Martens, James and Dahl, George and Hinton, Geoffrey},
  booktitle={Proceedings of the 30th International Conference on Machine Learning},
  year={2013}
}

@article{bonawitz2019towards,
  title={Towards Federated Learning at Scale: System Design},
  author={Bonawitz, Keith and Eichner, Hubert and Grieskamp, Wolfgang and Huba, Dzmitry and Ingerman, Alex and Ivanov, Vladimir and Kiddon, Chloe and Kone{\v{c}}n{\`y}, Jakub and Mazzocchi, Stefano and McMahan, H. Brendan and others},
  year={2019},
  journal={arXiv preprint arXiv:1902.01046}
}

@misc{ekkonoFederatedLearning,
    title = {Federated Learning},
    author = {Ekkono Solutions},
    url = {https://www.ekkono.ai/wp-content/uploads/2020/12/SWP_Federated_Learning_Ekkono_Solutions_May_2020.pdf},
    year = {2020},
}

@article{bagdasaryan2018backdoor,
  title={How to backdoor federated learning},
  author={Bagdasaryan, Eugene and Vejdemo-Johansson, Mikael and Shmatikov, Vitaly},
  year={2018},
  journal={arXiv preprint arXiv:1807.00459}
}

@inproceedings{truex2019hybrid,
  title={Hybrid Federated Learning: Algorithms and Implementation},
  author={Truex, Stacey and Liu, Fang and Niu, Haibo and Koyejo, Oluwasanmi and Mohri, Mehryar},
  booktitle={Proceedings of the 2019 ACM SIGSAC Conference on Computer and Communications Security},
  year={2019}
}

@article{dwork2011,
  author    = {Cynthia Dwork},
  title     = {A Firm Foundation for Private Data Analysis},
  journal   = {Communications of the ACM},
  year      = {2011},
}

@article{dwork2014,
  author    = {Cynthia Dwork},
  title     = {Algorithmic Foundations of Differential Privacy},
  journal   = {Foundations and Trends® in Theoretical Computer Science},
  year      = {2014},
}

@inproceedings{abadi2016,
  author    = {Martín Abadi and et al.},
  title     = {Deep Learning with Differential Privacy},
  booktitle = {Proceedings of the ACM SIGSAC Conference on Computer and Communications Security},
  year      = {2016},
}

@inproceedings{shokri2015,
  author    = {Reza Shokri and et al.},
  title     = {Membership Inference Attacks against Machine Learning Models},
  booktitle = {IEEE Symposium on Security and Privacy},
  year      = {2015},
}

@article{jones2020federated,
  title={Federated Learning for Fraud Detection in Financial Institutions},
  author={Jones, A. and et al.},
  journal={Journal of Financial Technology},
  volume={15},
  number={2},
  pages={45--62},
  year={2020}
}

@article{smith2018privacy,
  title={Privacy-Preserving Diagnostics: A Federated Learning Approach in Healthcare},
  author={Smith, J. and et al.},
  journal={Journal of Medical Informatics},
  volume={23},
  number={4},
  pages={112--129},
  year={2018}
}

@misc{privacyintech2022,
  title={Balancing Personalization and Privacy: A Social Media Federated Learning Approach},
  author={{PrivacyInTech}},
  year={2022},
  howpublished={\url{https://www.privacyintech.org/case-studies/social-media-federated-learning}}
}

@misc{energytechcollab2019,
  title={Decentralized Demand Forecasting in the Energy Sector using Federated Learning},
  author={{EnergyTechCollab}},
  year={2019},
  howpublished={\url{https://www.energytechcollab.org/case-studies/federated-learning-energy}}
}

@misc{edutechcollab2020,
  title={Transforming Education with Federated Learning: A Collaborative Case Study},
  author={{EduTechCollab}},
  year={2020},
  howpublished={\url{https://www.edutechcollab.org/case-studies/federated-learning-education}}
}

@misc{scicollab2021,
  title={Advancing Scientific Collaboration with Federated Learning},
  author={{SciCollab}},
  year={2021},
  howpublished={\url{https://www.scicollaboration.org/case-studies/federated-learning-scientific-collaboration}}
}

@article{konecny2016federated,
  title={Federated Learning: Strategies for Improving Communication Efficiency},
  author={Konečný, J. and et al.},
  journal={arXiv preprint arXiv:1610.05492},
  year={2016}
}

@article{mohassel2017secureml,
  title={SecureML: A System for Scalable Privacy-Preserving Machine Learning},
  author={Mohassel, P. and et al.},
  journal={Proceedings of the 2017 ACM SIGSAC Conference on Computer and Communications Security},
  year={2017}
}

@article{aaronson2016read,
  title={Read the Fine Print},
  author={Aaronson, S.},
  journal={Nature},
  volume={531},
  pages={169-171},
  year={2016}
}

@article{giovanni2020postquantum,
  title={Post-Quantum Cryptography: A Comprehensive Review},
  author={Giovanni, M. and et al.},
  journal={IEEE Transactions on Quantum Engineering},
  volume={1},
  pages={1-25},
  year={2020}
}

@online{goldmansachs2023,
  title = {AI Investment Forecast to Approach \$200 Billion Globally by 2025},
  author = {Goldman Sachs},
  url = {https://www.goldmansachs.com/intelligence/pages/ai-investment-forecast-to-approach-200-billion-globally-by-2025.html},
  year = {2023},
  note = {Accessed on December 14, 2023}
}

@online{mckinsey2023,
  author = {McKinsey \& Company},
  title = {The State of AI in 2023: Generative AI's Breakout Year},
  year = {2023},
  url = {https://www.mckinsey.com/capabilities/quantumblack/our-insights/the-state-of-ai-in-2023-generative-ais-breakout-year}
}